% 
% This bib file illustrates a number of features:
%   - thanks to the UU-Parsinglib, the forgotten }
%     at the end of the file is added again. Notice
%     the warning when parsing.
%   - also notice that ``year'' may be without quotes.

@preamble { "This bibliography should only end up with 1 entry."}

@book{pierce02types,
    year = "2002",
    author = "Pierce, Benjamin C.",
    title  = "Types and Programming Languages", 
    publisher = "The MIT Press", 
    address = "Cambridge, Massachusetts" % another comment!
}

@inproceedings{loeh03dependency,
    author = "Loh, Andres and Clarke, Dave and Jeuring, Johan",
    title =  "Dependency-style Generic Haskell",
    editor = "Runciman, Colin and Shivers, Olin", 
    booktitle = "Proceedings of the Eighth ACM SIGPLAN International Conference on Functional Programming, ICFP 2003, Uppsala, Sweden, August 25--29, 2003",
    pages = "141--152", 
    publisher = "ACM Press", 
    year = 2003
