% This seems to be the most impressive example. It's a 
% bibliography used for a small paper for the seminar on databases; 
% it parses without serious changes. 
%
% Also note that braces can be used instead of quotation marks, 
% and that an URL is formatted as such.

@conference{buneman1979fql,
  title={FQL: a functional query language},
  author={Buneman, P. and Frankel, R.E.},
  booktitle={Proceedings of the 1979 ACM SIGMOD international conference on Management of data},
  pages={52--58},
  isbn={089791001X},
  year={1979},
  organization={ACM}
}

@article{leijen,
  title={The $\lambda$ abroad},
  author={Leijen, D.J.P.},
  publisher={Citeseer},
  year={2003},
  journal={Ph.D. thesis}
}

@article{schmitt2008qql,
  title={QQL: A DB\&IR query language},
  author={Schmitt, I.},
  journal={The VLDB Journal},
  volume={17},
  number={1},
  pages={39--56},
  issn={1066-8888},
  year={2008},
  publisher={Springer}
}

@book{van2004geometry,
  title={The geometry of information retrieval},
  author={Van Rijsbergen, C.J.},
  isbn={0521838053},
  year={2004},
  publisher={Cambridge Univ Pr}
}
@book{griffiths1995introduction,
  title={Introduction to quantum mechanics},
  author={Griffiths, D.J. and Harris, E.G.},
  volume={118},
  year={1995},
  publisher={Prentice Hall}
}
@article{Salton1975VSM,
 author = {Salton, G. and Wong, A. and Yang, C. S.},
 title = {A vector space model for automatic indexing},
 journal = {Commun. ACM},
 volume = {18},
 issue = {11},
 month = {November},
 year = {1975},
 issn = {0001-0782},
 pages = {613--620},
 numpages = {8},
 url = {http://doi.acm.org/10.1145/361219.361220},
 doi = {http://doi.acm.org/10.1145/361219.361220},
 acmid = {361220},
 publisher = {ACM},
 address = {New York, NY, USA},
 keywords = {automatic indexing, automatic information retrieval, content analysis, document space}
} 

@misc{qc-intro,
    author = {Huntting, B. and Mertz, D.},
    url = {http://www.ibm.com/developerworks/linux/library/l-quant.html},
    title = {Introduction to Quantum Computing},
    note= {Accessed 1/2/2011}
}
@misc{stream-stanford,
    author = {Widom, J. and Motwani, R.},
    url = {http://infolab.stanford.edu/stream/},
    title = {Stanford STREAM data manager home page},
    note= {Accessed 3/2/2011}
}

@article{arasu2006cql,
  title={The CQL continuous query language: Semantic foundations and query execution},
  author={Arasu, A. and Babu, S. and Widom, J.},
  journal={The VLDB Journal--The International Journal on Very Large Data Bases},
  volume={15},
  number={2},
  pages={121--142},
  issn={1066-8888},
  year={2006},
  publisher={Springer-Verlag New York, Inc.}
}
@conference{srivastava2004flexible,
  title={Flexible time management in data stream systems},
  author={Srivastava, U. and Widom, J.},
  booktitle={Proceedings of the twenty-third ACM SIGMOD-SIGACT-SIGART symposium on Principles of database systems},
  pages={263--274},
  isbn={158113858X},
  year={2004},
  organization={ACM}
}  

