% 
% This bib file illustrates a number of features:
%  - comments
%  - duplicate entries are warned about

@preamble { "This bibliography should only end up with 1 entry."}

@book{pierce02types,
    year = "2002",
    author = "Pierce, Benjamin C.",
    title  = "Types and Programming Languages", 
    publisher = "The MIT Press", 
    address = "Cambridge, Massachusetts" % another comment!
}

@inproceedings{pierce02types,
    author = "Loh, Andres and Clarke, Dave and Jeuring, Johan",
    title =  "Dependency-style Generic Haskell",
    editor = "Runciman, Colin and Shivers, Olin", 
    booktitle = "Proceedings of the Eighth ACM SIGPLAN International Conference on Functional Programming, ICFP 2003, Uppsala, Sweden, August 25--29, 2003",
    pages = "141--152", publisher = "ACM Press", year = 2003}
