@book{pierce02types,
      author = "Pierce, Benjamin C.", 
      title  = "Types and Programming Languages", 
      publisher = "The MIT Press", 
      address = "Cambridge, Massachusetts", 
      year = "2002"}
